<record><leader>00000cas a2200000 a 4500</leader><controlfield tag="001">19028511</controlfield><controlfield tag="008">890117d18891895tnuwr ne      0    0eng d</controlfield><datafield ind1=" " ind2=" " tag="010"><subfield code="a">sn 89058052 </subfield></datafield><datafield ind1=" " ind2=" " tag="040"><subfield code="a">KNP</subfield><subfield code="b">eng</subfield><subfield code="c">KNP</subfield><subfield code="d">TGN</subfield><subfield code="d">OCL</subfield><subfield code="d">OCLCQ</subfield><subfield code="d">OCLCF</subfield><subfield code="d">OCLCO</subfield></datafield><datafield ind1="1" ind2=" " tag="029"><subfield code="a">AU@</subfield><subfield code="b">000022177046</subfield></datafield><datafield ind1=" " ind2=" " tag="042"><subfield code="a">msc</subfield></datafield><datafield ind1=" " ind2=" " tag="043"><subfield code="a">n-us-tn</subfield></datafield><datafield ind1="0" ind2="4" tag="245"><subfield code="a">The Tennessee times.</subfield></datafield><datafield ind1=" " ind2=" " tag="260"><subfield code="a">Crossville, Tenn. :</subfield><subfield code="b">Brown &amp; Smith,</subfield><subfield code="c">1889-</subfield></datafield><datafield ind1=" " ind2=" " tag="300"><subfield code="a">v.</subfield></datafield><datafield ind1=" " ind2=" " tag="310"><subfield code="a">Weekly</subfield></datafield><datafield ind1="0" ind2=" " tag="362"><subfield code="a">Vol. 3, no. 42 (Sept. 5, 1889)-</subfield></datafield><datafield ind1="1" ind2=" " tag="362"><subfield code="a">Ceased in 1895.</subfield></datafield><datafield ind1=" " ind2=" " tag="500"><subfield code="a">Publishers: S.C. Brown &amp; H.V.B. Smith, 1889-1890; Henry V.B. Smith, 1890-1891; E.C. Barber, &lt;1891&gt;; Arthur J. Forbes, &lt;1894&gt;</subfield></datafield><datafield ind1=" " ind2="0" tag="651"><subfield code="a">Crossville (Tenn.)</subfield><subfield code="v">Newspapers.</subfield></datafield><datafield ind1=" " ind2="0" tag="651"><subfield code="a">Cumberland County (Tenn.)</subfield><subfield code="v">Newspapers.</subfield></datafield><datafield ind1=" " ind2="7" tag="655"><subfield code="a">Newspapers.</subfield><subfield code="2">fast</subfield><subfield code="0">(OCoLC)fst01423814</subfield></datafield><datafield ind1=" " ind2="7" tag="651"><subfield code="a">Tennessee</subfield><subfield code="z">Crossville.</subfield><subfield code="2">fast</subfield><subfield code="0">(OCoLC)fst01227590</subfield></datafield><datafield ind1=" " ind2="7" tag="651"><subfield code="a">Tennessee</subfield><subfield code="z">Cumberland County.</subfield><subfield code="2">fast</subfield><subfield code="0">(OCoLC)fst01222259</subfield></datafield><datafield ind1=" " ind2=" " tag="752"><subfield code="a">United States</subfield><subfield code="b">Tennessee</subfield><subfield code="c">Cumberland</subfield><subfield code="d">Crossville.</subfield></datafield><datafield ind1="0" ind2="0" tag="780"><subfield code="t">Crossville times</subfield><subfield code="w">(DLC)sn 89058051</subfield></datafield><datafield ind1="0" ind2="4" tag="785"><subfield code="t">Crossville chronicle</subfield><subfield code="g">Oct. 2, 1895</subfield><subfield code="w">(DLC)sn 85042757</subfield></datafield></record>